{1:F01BANK DANAMON}{2:PCM0000000}{4:
:20:210504-121831
:25:000043992676
:28C:050321123
:60F:C210503IDR000001010894
:61:210503C000000000200NTRF5                   
:86:RTR_7101210960014899_USD.0.01_ AS BBK REQ
:61:210503C000000000080NTRF3955                
:86:GEFU Fund Transfer 
:61:210503D000000000065NTRF05031857070004532221
:86:From ANHAR SUMARRY 
:61:210503C000000000005NTRF3955                
:86:7004000000000001 : To Anhar 04 
:61:210503C000000000027NTRF3955                
:86:Reversal transaction 
:61:210503D000000000015NTRF05031903020004532223
:86:Payroll ANHAR SUMARRY 
:61:210503C000000000006NTRF3955                
:86:Reversal transaction 
:61:210503D000000000038NTRF05031927080004532233
:86:From ANHAR SUMARRY 
:61:210503C000000000020NTRF3955                
:86:Reversal transaction 
:62F:C210503IDR000001011114
:64:C210503IDR000001011114
-} XXX


