{1:F01BANK DANAMON}{2:PCMBOI}{4:
:20:200709-131144
:25:000001468362
:28C:094520186
:13D:2007091311+0700
:61:200630D000000065001NTRF
:86:SKN FIX
:61:200630D000000050001NTRF
:86:SKN04
:61:200630D000000050001NTRF
:86:Payment Type P
:61:200630D000000810000NTRF
:86:cek SKN
:61:200630D000000030000NTRF
:86:fee charged for transaction
:61:200630C000000065001NTRF
:86:Reversal transaction
:61:200630D000000030000NTRF
:86:fee charged for transaction
:61:200630C000000050001NTRF
:86:Reversal transaction
:61:200630D000000080001NTRF
:86:SKN BIN NO NOT REGISTER
:61:200630D000000030000NTRF
:86:fee charged for transaction
:61:200630C000000050001NTRF
:86:Reversal transaction
:61:200630D000000030000NTRF
:86:fee charged for transaction
:61:200630C000000810000NTRF
:86:Reversal transaction
:61:200630D000000030000NTRF
:86:fee charged for transaction
:61:200630C000000080001NTRF
:86:Reversal transaction
:61:200630D000000810000NTRF
:86:cek SKN
:61:200630D000000030000NTRF
:86:fee charged for transaction
:61:200630C000000810000NTRF
:86:Reversal transaction
:61:200630D000010000002NTRF
:86:SKN OPTIONAL
:61:200630D000000030000NTRF
:86:fee charged for transaction
:61:200630C000010000002NTRF
:86:Reversal transaction
:61:200630D000000070001NTRF
:86:cek SKN PARTIAL
:61:200630D000000030000NTRF
:86:fee charged for transaction
:61:200630C000000070001NTRF
:86:Reversal transaction
:61:200630D000000810000NTRF
:86:cek SKN03
:61:200630D000000050001NTRF
:86:Payment Type F
:61:200630D000000810000NTRF
:86:cek SKN02
:61:200630D000000030000NTRF
:86:fee charged for transaction
:61:200630C000000050001NTRF
:86:Reversal transaction
:61:200630D000000030000NTRF
:86:fee charged for transaction
:61:200630C000000810000NTRF
:86:Reversal transaction
:61:200630D000000030000NTRF
:86:fee charged for transaction
:61:200630C000000810000NTRF
:86:Reversal transaction
:61:200630D000000050001NTRF
:86:Payment Type F
:61:200630D000000050001NTRF
:86:SKN03
:61:200630D000000030000NTRF
:86:fee charged for transaction
:61:200630C000000050001NTRF
:86:Reversal transaction
:61:200630D000000030000NTRF
:86:fee charged for transaction
:61:200630C000000050001NTRF
:86:Reversal transaction
:61:200630D000000011001NTRF
:86:trx test
:61:200630C000000237600NTRF
:86:buy123 y71
:61:200630C000000110000NTRF
:86:buy123 y72
:61:200630C000000330000NTRF
:86:buy123 y73
:61:200630C000000040000NTRF
:86:sell123 INV2020529182156
:61:200630C000000239000NTRF
:86:buy123 INV2020529174151
:61:200630C000000237600NTRF
:86:ria1
:61:200630C003541348761NINT
:86:Credit Interest Capitalised
:61:200630D000708269752NTAX
:86:TAX Deducted
:61:200701C000000110000NTRF
:86:ria1
:61:200701C000000001000NTRF
:86:PCM 000001825736
:61:200701D000000718000NTRF
:86:cek INH P
:61:200701D000000810000NTRF
:86:cek Inhouse F
:61:200701D000000015000NTRF
:86:fee charged for transaction
:61:200701D000000810000NTRF
:86:cek Inhouse P
:61:200701D000000810000NTRF
:86:cek Inhouse O
:61:200701D000000818000NTRF
:86:cek INH F
:61:200701D000000015000NTRF
:86:fee charged for transaction
:61:200701D000000015000NTRF
:86:fee charged for transaction
:61:200701C000000110000NTRF
:86:Test community seller Ria
:61:200701C000000110000NTRF
:86:Test community seller Ria
:61:200701C000000110000NTRF
:86:Test community seller marcelo
:61:200701C000000237600NTRF
:86:Test community seller marcelo
:61:200701C000000330000NTRF
:86:Test community seller marcelo
:61:200701D000000050000NTRF
:86:ikhwan
:61:200701C000000110000NTRF
:86:Test community seller marcelo
:61:200701C000000237600NTRF
:86:Test community seller marcelo
:61:200701C000000330000NTRF
:86:Test community seller marcelo
:61:200701D000005000000NTRF
:86:TEST EMAIL BENEFICIARY
:61:200701D000000500000NTRF
:86:ikhwan
:61:200701C000000110000NTRF
:86:Test community seller marcelo
:61:200701C000000237600NTRF
:86:Test community seller marcelo
:61:200701C000000330000NTRF
:86:Test community seller marcelo
:61:200701C000000001000NTRF
:86:PCM 000001825736
:61:200701C000000001000NTRF
:86:PCM 000001825736
:61:200701C000000001000NTRF
:86:PCM 000001825736
:61:200701C000000001000NTRF
:86:PCM 000001825736
:61:200701C000000001000NTRF
:86:PCM 000001825736
:61:200701C000000001000NTRF
:86:PCM 000001825736
:61:200701C000025000000NTRF
:86:PCM 000004143913
:61:200701D000000005000NTRF
:86:ikhwan
:61:200701C001396000000NTRF
:86:PCM 000001176908
:61:200701D000000050000NTRF
:86:ikhwan
:61:200701C000000237600NTRF
:86:buy123 y171
:61:200701C000000110000NTRF
:86:buy123 y172
:61:200701C000000330000NTRF
:86:buy123 y173
:61:200701D000000020000NTRF
:86:bbb
:61:200701D000000075000NTRF
:86:test
:61:200701C000000110000NTRF
:86:buy123 y195
:61:200701C000000237600NTRF
:86:buy123 y194
:61:200701C000000330000NTRF
:86:buy123 y196
:61:200701C000000123123NTRF
:86:buy123 INV20206412715
:61:200701C000000110000NTRF
:86:Test community seller Ria
:61:200701C000000110000NTRF
:86:Test community seller Ria
:61:200701C000000110000NTRF
:86:Test community seller Ria
:61:200701C000000110000NTRF
:86:Test community seller marcelo
:61:200701D000000100000NTRF
:86:ajakjadsh
:61:200701C000000237600NTRF
:86:buyer1234 y304
:61:200701C000000110000NTRF
:86:buyer1234 y305
:61:200701C000000330000NTRF
:86:buyer1234 y306
:61:200701C000000237600NTRF
:86:buyer1234 y301
:61:200701D000000050000NTRF
:86:ikhwan
:61:200701C000000237600NTRF
:86:buyer1234 y401
:61:200701C000000237600NTRF
:86:buyer1234 y501
:61:200701C000000110000NTRF
:86:buyer1234 y502
:61:200701C000000330000NTRF
:86:buyer1234 y503
:61:200701C000000120000NTRF
:86:buy123 inv_testqwerty
:61:200701C000000232223NTRF
:86:buy123 INV202064154221
:61:200701C000000123007NTRF
:86:buy123 INV202064151530
:61:200701C000000237600NTRF
:86:buykillua1 y501
:61:200701C000000110000NTRF
:86:buykillua1 y502
:61:200701C000000330000NTRF
:86:buykillua1 y503
:61:200701C000000237600NTRF
:86:buykillua1 y504
:61:200701C000000110000NTRF
:86:buykillua1 y505
:61:200701C000000330000NTRF
:86:buykillua1 y506
:61:200701C000000230000NTRF
:86:sell123 INV2020529171848
:61:200701C000000237600NTRF
:86:buyer1234 y604
:61:200701C000000110000NTRF
:86:buyer1234 y605
:61:200701C000000330000NTRF
:86:buyer1234 y606
:61:200701D000000200001NTRF
:86:From BU PCM0000000 PD
:61:200701D000000200001NTRF
:86:From BU PCM0000000 PD
:61:200701D000000200001NTRF
:86:From BU PCM0000000 PD
:61:200701D000000001000NTRF
:86:Fee From BU PCM0000000 PD
:61:200701D000000200001NTRF
:86:From BU PCM0000000 PD
:61:200701D000000200001NTRF
:86:From BU PCM0000000 PD
:61:200701D000000001000NTRF
:86:Fee From BU PCM0000000 PD
:61:200701D000000200001NTRF
:86:From BU PCM0000000 PD
:61:200701D000000001000NTRF
:86:Fee From BU PCM0000000 PD
:61:200701D000000200001NTRF
:86:From BU PCM0000000 PD
:61:200701D000000001000NTRF
:86:Fee From BU PCM0000000 PD
:61:200701D000005000000NTRF
:86:ikh
:61:200705D000000015000NTRF
:86:appr
:61:200705D000000025000NTRF
:86::Fee for channel CAW for account 0000014
:61:200705D000000015000NTRF
:86:test
:61:200705D000000025000NTRF
:86::Fee for channel CAW for account 0000014
:61:200705D000000500000NTRF
:86:testt
:61:200705D000000050000NTRF
:86:test PCM000001468362          
:61:200705D000000003000NCHG
:86:FEE FUND TRANSFER E CHANNEL
:61:200705D000000575123NTRF
:86:boi test mt942
:61:200710D000000315000NTRF
:86:boi test MT942
:61:200710D000000100000NTRF
:86:PCM 000001099811
:61:200710D000000200000NTRF
:86:PCM 000004143913
:61:200710D000000750000NTRF
:86:PCM 000063763726
:61:200710D000200000000NTRF
:86:PCM 000063763726
:61:200710D000000127400NTRF
:86:boi test single corp 942
:61:200710D000017905340NTRF
:86:test repair
:61:200710D000000020000NTRF
:86:tetsttt
:61:200710D000000025000NTRF
:86::Fee for channel CAW for account 0000014
:61:200710D000000115700NTRF
:86:boi test single corp 942
:61:200710D000029020000NTRF
:86:PCM 000001176908
:61:200710C000027920000NTRF
:86:PCM 000001176908
:61:200710D000000010000NTRF
:86:PCM 000002018547
:61:200710D000000115900NTRF
:86:tes 940
:61:200710D000000127500NTRF
:86:boi L-L
:61:200715D000000415000NTRF
:86:boi L-L spesific Date
:61:200715D000000181500NTRF
:86:Boi Treasury 14
:61:200715C000000129000NTRF
:86:test rif
:61:200715D000000112270NTRF
:86:123
:61:200715D000000115000NTRF
:86:boi test pnemonic single 942
:61:200715D000000300000NTRF
:86:123000
:61:200715D000000014510NTRF
:86::Fee for channel CAW for account 0000014
:61:200715C000000090577NTRF
:86:buy123 INV2020615164343
:61:200715D000000123456NTRF
:86:PCM 000087926226
:61:200715C000000678007NTRF
:86:PCM 000001105535
:61:200715C000000011000NTRF
:86:buyer1234 j106
:61:200715C000000017600NTRF
:86:Test community seller Ria
:61:200715C000000029700NTRF
:86:Test community seller Ria
:61:200715D000367103000NTRF
:86:boi treasury 3
:61:200715C000000025700NTRF
:86:PCM 000001825736
:61:200715C000050000000NTRF
:86:PCM 000001825736
:61:200715D000000005000NCHG
:86:FEE PASSBOOK
:61:200720C000000123123NTRF
:86:buy123 INV2020617112658
:61:200720C000000456456NTRF
:86:buy123 INV2020617114356
:61:200720C000001703120NTRF
:86:PCM 000099240343
:61:200720C000000111111NTRF
:86:buy123 INV202061712424
:61:200720C000000034244NTRF
:86:buy123 INV2020617124915
:61:200720D000000100000NTRF
:86:PCM 000001399328
:61:200720C000000351500NTRF
:86:buy123 INV2020617142547
:61:200720C000000100001NTRF
:86:buy123 INV2020617154240
:61:200720C000000700777NTRF
:86:buy123 INV2020617155645
:61:200720C000000500000NTRF
:86:buy123 INV2020617163738
:61:200720C000000555444NTRF
:86:buy123 INV202061719635
:61:200720C000000678777NTRF
:86:buy123 INV202061720150
:61:200720C000000123900NTRF
:86:buy123 INV2020617201224
:61:200720C000101153000NTRF
:86:boi treasury 7 
:61:200720C000000001556NTRF
:86:PCM 000001115344
:61:200720D000000500000NTRF
:86:PCM 000009514738
:61:200720D000000002500NTRF
:86::Fee for channel CAW for account 0000014
:61:200720C000015750000NTRF
:86:PCM 000021942610
:61:200720D000000500000NTRF
:86:PCM 000009514738
:61:200720D000000002500NTRF
:86::Fee for channel CAW for account 0000014
:61:200720D000001875250NTRF
:86:boi test charge Local Forex
:61:200720D000000045778NTRF
:86: PCM000001468362              
:61:200720D000000005000NCHG
:86:FEE FUND TRANSFER E CHANNEL
:61:200720C000000450000NTRF
:86:buy123 INV2020619123152
:61:200720C000000500001NTRF
:86:buy123 INV2020617124128
:61:200720D000000234180NTRF
:86:fromaccountdesctoAccountDesc
:61:200720D000000402750NCHG
:86:FEE FT INTERNATIONAL CASH WORK
:61:200720D000000234180NTRF
:86:fromAccountDesctoAccountDesc
:61:200720D000000402750NCHG
:86:FEE FT INTERNATIONAL CASH WORK
:61:200720D000002654040NTRF
:86:asdasdasdasdasd234
:61:200720D000000402750NCHG
:86:FEE FT INTERNATIONAL CASH WORK
:61:200720D000002654050NTRF
:86:sdfsdf
:61:200720D000000002500NTRF
:86::Fee for channel CAW for account 0000014
:61:200725D000002654050NTRF
:86:fromasdasd
:61:200725D000000002500NTRF
:86:Fee for channel CAW for account 00000146
:61:200725D000002654050NTRF
:86:asfasfdf
:61:200725D000000002500NTRF
:86:Fee for channel CAW for account 00000146
:61:200725D000002654050NTRF
:86:sfdsdsfd
:61:200725D000000002500NTRF
:86:Fee for channel CAW for account 00000146
:61:200725D000002654050NTRF
:86:zczxczxc
:61:200725D000000002500NTRF
:86:Fee for channel CAW for account 00000146
:61:200725D000056000000NTRF
:86:65465465646
:61:200725D000002654050NTRF
:86:zczxczxc
:61:200725D000000002500NTRF
:86:Fee for channel CAW for account 00000146
:61:200725D000006700000NTRF
:86:564546546
:61:200725D000002654050NTRF
:86:zczxczxc
:61:200725D000000002500NTRF
:86:Fee for channel CAW for account 00000146
:61:200725D000031051400NTRF
:86:boi test 4B
:61:200725D000002654040NTRF
:86:aasdasdsdfsdf
:61:200725D000000402750NCHG
:86:FEE FT INTERNATIONAL CASH WORK
:61:200725D000002700001NTRF
:86:asdasd
:61:200725D000000402750NCHG
:86:FEE FT INTERNATIONAL CASH WORK
:61:200725D000034000000NTRF
:86:54666546
:61:200725C000000022000NTRF
:86:buy123 test06
:61:200725D000056000000NTRF
:86:5464356435
:61:200725D000031000000NTRF
:86:43435435435
:61:200725D000185437800NTRF
:86:boi test UD C
:61:200725D000254215200NTRF
:86:boi
:61:200725D000020314000NTRF
:86:boiiiii
:61:200725D000163237500NTRF
:86:asdasdas
:61:200725D000129139000NTRF
:86:boi UD C trx 2
:61:200725D000185582900NTRF
:86:asdasd
:61:200725C000000330000NTRF
:86:buyer1234 M12
:61:200725C000000237600NTRF
:86:buyer1234 M10
:61:200725C000000110000NTRF
:86:buyer1234 M15
:61:200725C000000230000NTRF
:86:buykillua1 INV2020617125520
:61:200725C000000110000NTRF
:86:buyer1234 M11
:61:200725C000000237600NTRF
:86:buyer1234 M14
:61:200725C000231335526NTRF
:86:buy123 INV2020619114710
:61:200725C000000330000NTRF
:86:buyer1234 M16
:61:200725C000000300000NTRF
:86:buy123 y12
:61:200725C000000054000NTRF
:86:buy123 y604
:61:200725C000000100000NTRF
:86:buy123 y605
:61:200725C000000300000NTRF
:86:buy123 y606
:61:200725C000000054000NTRF
:86:buy123 em02
:61:200731D000012341414NTRF
:86:tes PCM000001468362           
:61:200731D000000003000NCHG
:86:FEE FUND TRANSFER E CHANNEL
:61:200731C000000011000NTRF
:86:Test community seller dinan
:61:200731D000001500000NTRF
:86:ds
:61:200731C000002000000NTRF
:86:PCM 000002018547
:61:200731D000002700001NTRF
:86:saasdasdad
:61:200731D000000402750NCHG
:86:FEE FT INTERNATIONAL CASH WORK
:61:200731D000002700001NTRF
:86:saasdasdad
:61:200731D000000402750NCHG
:86:FEE FT INTERNATIONAL CASH WORK
:61:200731D001745000000NTRF
:86:intl trx future01intl trx future01
:61:200731D000000402750NCHG
:86:FEE FT INTERNATIONAL CASH WORK
:61:200731D000002000000NTRF
:86:PCM 000002814846
:61:200731C000002100000NTRF
:86:PCM 000002018547
:61:200731D000100000000NTRF
:86:Pembayaran
:61:200731C000000022200NTRF
:86:ssjhs-test auto debit-&_().':/
:61:200731C000000011100NTRF
:86:tsljgi-test auto debit-&_().':
:61:200731D000055000000NTRF
:86: PCM000001468362              
:61:200731D000000003000NCHG
:86:FEE FUND TRANSFER E CHANNEL
:61:200731D000012341414NTRF
:86:tes PCM000001468362           
:61:200731D000000003000NCHG
:86:FEE FUND TRANSFER E CHANNEL
:61:200731D000001500000NTRF
:86:PCM 000002814846
:61:200731C000002050000NTRF
:86:PCM 003564227886
:61:200801C000350000000NTRF
:86:PCM 000001825736
:61:200731C003660853237NINT
:86:Credit Interest Capitalised
:61:200731D000732170647NTAX
:86:TAX Deducted
:61:200801C000000077777NTRF
:86:desc aceng
:61:200801C000000066600NTRF
:86:PCM 000001115344
:61:200801C000000010000NTRF
:86:PCM 000001115344
:61:200801D000012341414NTRF
:86:tes PCM000001468362           
:61:200801D000000003000NCHG
:86:FEE FUND TRANSFER E CHANNEL
:61:200801D001436901686NTRF
:86:565436436676
:61:200801C000000450000NTRF
:86:buy123 INV2020630143140
:61:200801D000100000000NTRF
:86:PCM 003571403629
:61:200801D000450000000NTRF
:86:543545
:61:200805D000000050000NTRF
:86:7083000034354345 tes
:61:200805D000000001500NTRF
:86:Monthly Charges PCM
:61:200805D000000001500NTRF
:86:Monthly Charges PCM
:61:200805D000000001500NTRF
:86:Monthly Charges PCM
:61:200805D000000001500NTRF
:86:Monthly Charges PCM
:61:200805D000012341414NTRF
:86:tes PCM000001468362           
:61:200805D000000003000NCHG
:86:FEE FUND TRANSFER E CHANNEL
:61:200805C000000026400NTRF
:86:Test community seller dinan
:61:200805C000000026400NTRF
:86:Test community seller dinan
:61:200805C000000026400NTRF
:86:Test community seller dinan
:61:200805C000000026400NTRF
:86:Test community seller dinan
:61:200805C000000026400NTRF
:86:Test community seller dinan
:61:200805C000000026400NTRF
:86:Test community seller dinan
:61:200805C000000026400NTRF
:86:Test community seller dinan
:61:200805C000000001000NTRF
:86:PCM 000001825736
:61:200805C000000001000NTRF
:86:PCM 000001825736
:61:200805D000002500000NTRF
:86:PCM 000002814846
:61:200805C000001000000NTRF
:86:PCM 000002814846
:61:200810D000012341414NTRF
:86:tes PCM000001468362           
:61:200810D000000003000NCHG
:86:FEE FUND TRANSFER E CHANNEL
:61:200810D000000100000NTRF
:86:sandySunday
:61:200810D000000002500NTRF
:86::Fee for channel CAW for account 0000014
:61:200810D000000100000NTRF
:86:asdasd
:61:200810D000000002500NTRF
:86::Fee for channel CAW for account 0000014
:61:200810D000006510312NTRF
:86:zdsdasd
:61:200810D000000002500NTRF
:86::Fee for channel CAW for account 0000014
:61:200810C000006263567NTRF
:86:toAccountDesc
:61:200810D000001238800NTRF
:86:karim ke andi LF
:61:200810D000000002500NTRF
:86:Fee for channel CAW for account 00000146
:61:200810D000000010000NTRF
:86:asasdasd PCM000001468362      
:61:200810D000000005000NCHG
:86:FEE FUND TRANSFER E CHANNEL
:61:200810D000000012346NTRF
:86:asdasd
:61:200810D000000002500NTRF
:86::Fee for channel CAW for account 0000014
:61:200810C000000012346NTRF
:86:sfsdfsdf
:61:200810D000012388000NTRF
:86:zxcxcz
:61:200810D000000014510NTRF
:86:Fee for channel CAW for account 00000146
:61:200810D000012388000NTRF
:86:dsfsdfsdfcx
:61:200810D000000014510NTRF
:86:Fee for channel CAW for account 00000146
:61:200810D000000012346NTRF
:86:asdasd
:61:200810D000000002500NTRF
:86::Fee for channel CAW for account 0000014
:61:200810D000012341414NTRF
:86:tes PCM000001468362           
:61:200810D000000003000NCHG
:86:FEE FUND TRANSFER E CHANNEL
:61:200810D000134568956NTRF
:86:PCM 000001099811
:61:200810C000000207900NTRF
:86:buyer1234 invoice131
:61:200810C000000330000NTRF
:86:buyer1234 invoice132
:61:200810C000000110000NTRF
:86:buyer1234 invoice133
:61:200810D000000001400NTRF
:86:Monthly Charges PCM
:61:200810D000000010000NTRF
:86:Test BU S IM IDR InHouse
:61:200810D000000015000NTRF
:86:fee charged for transaction
:61:200810C000000207900NTRF
:86:buyer1234 invoice134
:61:200810C000000330000NTRF
:86:buyer1234 invoice135
:61:200810C000000110000NTRF
:86:buyer1234 invoice136
:61:200810C000200000000NTRF
:86:PCM 000001003110
:61:200810D000377274510NTRF
:86:Test UD Wiwi
:61:200810D000391770000NTRF
:86:PCM 003571438906
:61:200810D000000000150NTRF
:86:Monthly Charges PCM
:61:200810D000000001500NTRF
:86:Monthly Charges PCM
:61:200810D000000001500NTRF
:86:Monthly Charges PCM
:61:200810D000000001400NTRF
:86:Monthly Charges PCM
:61:200810D000000001258NTRF
:86:Monthly Charges PCM
:61:200810D000000001500NTRF
:86:Monthly Charges PCM
:61:200810D000000001500NTRF
:86:Monthly Charges PCM
:61:200815C000000330000NTRF
:86:buyer1234 invoice155
:61:200815C000000110000NTRF
:86:buyer1234 invoice156
:61:200815D000013575000NTRF
:86:BOI TEST 942
:61:200815C000000207900NTRF
:86:buyer1234 invoice161
:61:200815C000000330000NTRF
:86:buyer1234 invoice162
:61:200815C000000110000NTRF
:86:buyer1234 invoice163
:61:200815C000000330000NTRF
:86:buy123 invoice162
:61:200815D000012388000NTRF
:86:zsadsd
:61:200815D000000002500NTRF
:86:Fee for channel CAW for account 00000146
:61:200815D000012341414NTRF
:86:tes PCM000001468362           
:61:200815D000000003000NCHG
:86:FEE FUND TRANSFER E CHANNEL
:61:200815C000000207900NTRF
:86:buyer1234 invoice171
:61:200815C000000330000NTRF
:86:buyer1234 invoice172
:61:200815C000000110000NTRF
:86:buyer1234 invoice173
:61:200815C000000207900NTRF
:86:buy123 invoice164
:61:200815C000000110000NTRF
:86:buy123 invoice166
:61:200815D000012500000NTRF
:86:boi tes report
:61:200815D000008750000NTRF
:86:boi test report 2
:61:200815D000000010000NTRF
:86:Test
:61:200815D000000015000NTRF
:86:fee charged for transaction
:61:200815C000000207900NTRF
:86:buy123 invoice174
:61:200815C000000110000NTRF
:86:buy123 invoice176
:61:200815C000000030000NTRF
:86:buy123 p30
:61:200815D000889999870NTRF
:86:6757647547547
:61:200815D000989999888NTRF
:86:5447467467
:61:200815D000001500000NTRF
:86:boi 942
:90D:209IDR10126693576,00
:90C:158IDR9651191870,00
-} XXX
